<?xml version="1.0" encoding="UTF-8"?><collection xmlns="http://www.loc.gov/MARC21/slim"><record><leader>00554nam--2200193-u-4500</leader><controlfield tag="001">000050666</controlfield><controlfield tag="002">20161230</controlfield><controlfield tag="005">20161230201048</controlfield><controlfield tag="008">080310s1000------------r-----000-0-eng-d</controlfield><datafield ind1=" " ind2=" " tag="020"><subfield code="a">978-0-471-25391-4</subfield></datafield><datafield ind1=" " ind2=" " tag="040"><subfield code="a">IFIN-HH</subfield></datafield><datafield ind1=" " ind2=" " tag="080"><subfield code="a">537.533.35:535</subfield></datafield><datafield ind1="1" ind2=" " tag="100"><subfield code="a">Murphy,Douglas B</subfield></datafield><datafield ind1="1" ind2="0" tag="245"><subfield code="a">Fundamentals of Light Microscopy and Electronic Imaging</subfield><subfield code="c">Douglas B. Murphy</subfield></datafield><datafield ind1=" " ind2=" " tag="260"><subfield code="a">Somerset</subfield><subfield code="b">Wiley-Liss, Inc</subfield><subfield code="c">2001</subfield></datafield><datafield ind1=" " ind2=" " tag="502"><subfield code="a">Includes Bibliographical References</subfield></datafield><datafield ind1=" " ind2="4" tag="650"><subfield code="a">Microscopy</subfield></datafield><datafield ind1=" " ind2=" " tag="852"><subfield code="c">537.533.35</subfield></datafield><datafield ind1=" " ind2=" " tag="CAT"><subfield code="a">Sys</subfield><subfield code="c">20110103</subfield><subfield code="h">151708</subfield></datafield></record></collection>